@article{annurev_FMMs,
    author = "Geoffery J. McLachlan, Sharon X. Lee, Suren I. Rathnayake",
    title = "Finite Mixture Models",
    journal = "Annual Review of Statistics and Its Application",
    year = "2019",
    DOI = "https://doi.org/10.1146/annurev- statistics- 031017- 100325",
}
 
@book{FMMs_Book,
    title = {Finite Mixture Models},
    author = {Geoffery J. McLachlan, David Peel},
    year = {2000},
    publisher = {Wiley},
}
 
@book{Murphy_ML,
    title = "Machine Learning: a Probablistic Perspective",
    author = {Kevin P. Murphy},
    year = {2012},
    publisher = {MIT Press},
}


 % https://machinelearningmastery.com/expectation-maximization-em-algorithm/

 % mixtools documentation

 % https://rpubs.com/H_Zhu/246450